@inproceedings{kelly2004goal,
  title={The goal structuring notation--a safety argument notation},
  author={Kelly, Tim and Weaver, Rob},
  booktitle={Proceedings of the dependable systems and networks 2004 workshop on assurance cases},
  pages={6},
  year={2004},
  organization={Citeseer}
}

